@article{r2016PaperGlasserEtAlN1,
  title = {A Multi-Modal Parcellation of Human Cerebral Cortex},
  author = {Glasser, Matthew F. and Coalson, Timothy S. and Robinson, Emma C. and Hacker, Carl D. and Harwell, John and Yacoub, Essa and Ugurbil, Kamil and Andersson, Jesper and Beckmann, Christian F. and Jenkinson, Mark and Smith, Stephen M. and Van Essen, David C.},
  date = {2016-08},
  journaltitle = {Nature},
  shortjournal = {Nature},
  volume = {536},
  number = {7615},
  pages = {171--178},
  issn = {0028-0836, 1476-4687},
  doi = {10.1038/nature18933},
  url = {https://www.nature.com/articles/nature18933},
  urldate = {2025-04-21},
  langid = {english},
  file = {files/57389/r2016PaperGlasserEtAlN1.pdf}
}
