@article{r2025PaperRuuskanenAvendano-DiazN1,
  title = {Cortical Functional Connectivity across the Adult Lifespan and Its Relation to Sensorimotor Integration},
  author = {Ruuskanen, Santeri and Avendano-Diaz, Juan Camilo},
  langid = {english},
  file = {files/57596/r2025PaperRuuskanenAvendano-DiazN1.pdf}
}
